<record xmlns="http://www.loc.gov/MARC21/slim" xmlns:xsi="http://www.w3.org/2001/XMLSchema-instance" xsi:schemaLocation="http://www.loc.gov/MARC21/slim http://www.loc.gov/standards/marcxml/schema/MARC21slim.xsd"><leader>     nam a22        4500</leader><controlfield tag="001">001676362</controlfield><controlfield tag="003">NNU</controlfield><controlfield tag="006">m        d        </controlfield><controlfield tag="007">cr cn |||m|||a</controlfield><controlfield tag="008">150313s1856    tu      o     000 0 ara d</controlfield><datafield ind1=" " ind2=" " tag="040"><subfield code="a">NNU</subfield><subfield code="b">eng</subfield><subfield code="c">NNU</subfield></datafield><datafield ind1="1" ind2=" " tag="100"><subfield code="a">Kumushkh&#257;naw&#299;, A&#7717;mad ibn Mu&#7779;&#7789;af&#225;,</subfield><subfield code="d">1812 or 13-1893 or 4.</subfield></datafield><datafield ind1="1" ind2="0" tag="240"><subfield code="a">J&#257;mi&#699; al-mut&#363;n f&#299; &#7717;aqq anw&#257;&#699; al-&#7779;if&#257;t al-il&#257;h&#299;yah</subfield></datafield><datafield ind1="1" ind2="0" tag="245"><subfield code="a">H&#257;dh&#257; Kit&#257;b j&#257;mi&#699; al-mut&#363;n f&#299; &#7717;aqq anw&#257;&#699; al-&#7779;if&#257;t al-il&#257;h&#299;yah wa-al-&#699;aq&#257;&#700;id al-M&#257;tur&#299;d&#299;yah wa-alf&#257;&#7827; al-kufr wa-ta&#7779;&#7717;&#299;&#7717; al-a&#699;m&#257;l al-&#699;aj&#299;b&#299;yah</subfield><subfield code="h">[electronic resource] /</subfield><subfield code="c">A&#7717;mad &#7692;iy&#257;&#700; al-D&#299;n ibn Mu&#7779;&#7789;af&#225;.</subfield></datafield><datafield ind1=" " ind2=" " tag="260"><subfield code="a">[Istanbul :</subfield><subfield code="b">s.n.],</subfield><subfield code="c">1273 [1856 or 1857]</subfield></datafield><datafield ind1=" " ind2=" " tag="300"><subfield code="a">online resource (140 p.)</subfield></datafield><datafield ind1=" " ind2=" " tag="500"><subfield code="a">Part of the Arabic Collections Online (ACO) project, contributed by New York Univeristy Libraries.</subfield></datafield><datafield ind1=" " ind2=" " tag="533"><subfield code="a">Electronic reproduction.</subfield><subfield code="b">New York, N.Y. :</subfield><subfield code="c">New York University,</subfield><subfield code="d">2015.</subfield><subfield code="5">NNU</subfield></datafield><datafield ind1="2" ind2=" " tag="710"><subfield code="a">New York University.</subfield><subfield code="b">Libraries.</subfield></datafield><datafield ind1="0" ind2=" " tag="730"><subfield code="a">Arabic Collections Online.</subfield></datafield><datafield ind1="0" ind2=" " tag="740"><subfield code="a">J&#257;mi&#699; al-mut&#363;n f&#299; &#7717;aqq anw&#257;&#699; al-&#7779;if&#257;t al-il&#257;h&#299;yah.</subfield></datafield><datafield ind1="0" ind2="8" tag="776"><subfield code="i">Print version:</subfield><subfield code="a">Kumushkh&#257;naw&#299;, A&#7717;mad ibn Mu&#7779;&#7789;af&#225;, 1812 or 13-1893 or 4.</subfield><subfield code="t">H&#257;dh&#257; Kit&#257;b j&#257;mi&#699; al-mut&#363;n f&#299; &#7717;aqq anw&#257;&#699; al-&#7779;if&#257;t al-il&#257;h&#299;yah wa-al-&#699;aq&#257;&#700;id al-M&#257;tur&#299;d&#299;yah wa-alf&#257;&#7827; al-kufr wa-ta&#7779;&#7717;&#299;&#7717; al-a&#699;m&#257;l al-&#699;aj&#299;b&#299;yah</subfield><subfield code="w">(NNU)001676362</subfield></datafield><datafield ind1="4" ind2="0" tag="856"><subfield code="u">http://hdl.handle.net/2333.1/w0vt4dr8</subfield></datafield><datafield ind1=" " ind2=" " tag="959"><subfield code="a">NNU</subfield><subfield code="b">WEB</subfield><subfield code="c">GENI</subfield><subfield code="t">0</subfield><subfield code="m">Electronic access</subfield><subfield code="s">01</subfield></datafield><datafield ind1=" " ind2=" " tag="999"><subfield code="i">NNU_001676362</subfield><subfield code="s">nyu_aco000618</subfield><subfield code="e">(ERROR-880)</subfield></datafield></record>